@inproceedings{ProjInt16,
  author =        {Les M1 du DI},
  booktitle =     {Recueil des projets intégrés de l'année},
  editor =        {Eddy Caron},
  pages =         {10--22},
  publisher =     {ENS de Lyon},
  series =        {Best sellers du DI},
  title =         {Notre projet intégré},
  volume =        {1},
  year =          {2016},
}

@proceedings{allProjInt16,
  editor =        {Eddy Caron},
  publisher =     {ENS de Lyon},
  series =        {Best sellers du DI},
  title =         {Recueil des projets intégrés de l'année},
  volume =        {1},
  year =          {2016},
}

